<record><leader>00000cas a22000007a 4500</leader><controlfield tag="001">19479530</controlfield><controlfield tag="008">890330d19181922nduwr ne      0    0eng d</controlfield><datafield ind1=" " ind2=" " tag="010"><subfield code="a">sn 89074076 </subfield></datafield><datafield ind1=" " ind2=" " tag="040"><subfield code="a">NOP</subfield><subfield code="b">eng</subfield><subfield code="c">NOP</subfield><subfield code="d">OCLCQ</subfield></datafield><datafield ind1=" " ind2=" " tag="042"><subfield code="a">msc</subfield></datafield><datafield ind1="0" ind2=" " tag="130"><subfield code="a">Harvey herald and advertiser (Harvey, N.D. : 1918)</subfield></datafield><datafield ind1="1" ind2="4" tag="245"><subfield code="a">The Harvey herald and advertiser.</subfield></datafield><datafield ind1=" " ind2=" " tag="260"><subfield code="a">Harvey, N.D. :</subfield><subfield code="b">[s.n.]</subfield></datafield><datafield ind1=" " ind2=" " tag="300"><subfield code="a">v. :</subfield><subfield code="b">ill. ;</subfield><subfield code="c">54 cm.</subfield></datafield><datafield ind1=" " ind2=" " tag="310"><subfield code="a">Weekly</subfield></datafield><datafield ind1="0" ind2=" " tag="362"><subfield code="a">Vol. 24, no. 42 (Dec. 20, 1918)-v. 28, no. 8 (Apr. 28, 1922).</subfield></datafield><datafield ind1=" " ind2=" " tag="500"><subfield code="a">"Official paper of Wells County."</subfield></datafield><datafield ind1=" " ind2=" " tag="530"><subfield code="a">Available on microfilm from the State Historical Society of North Dakota.</subfield></datafield><datafield ind1=" " ind2=" " tag="752"><subfield code="a">United States</subfield><subfield code="b">North Dakota</subfield><subfield code="c">Wells</subfield><subfield code="d">Harvey.</subfield></datafield><datafield ind1="0" ind2="0" tag="780"><subfield code="t">Harvey journal herald and advertiser</subfield><subfield code="w">(DLC)sn 89074075</subfield></datafield><datafield ind1="0" ind2="0" tag="785"><subfield code="t">Harvey herald (Harvey, N.D. : 1922)</subfield><subfield code="w">(DLC)sn 89074077</subfield></datafield></record>